<?xml version="1.0" encoding="UTF-8"?><collection xmlns="http://www.loc.gov/MARC21/slim"><record><leader>00401nam--2200121-i-4500</leader><controlfield tag="001">000048480</controlfield><controlfield tag="002">20161230</controlfield><controlfield tag="005">20161230201047</controlfield><controlfield tag="008">060222s1000------------r-----000-0-eng-d</controlfield><datafield ind1=" " ind2=" " tag="080"><subfield code="a">681.5.01</subfield></datafield><datafield ind1=" " ind2=" " tag="245"><subfield code="a">Avtomatizirovannye sistemy uprableniia i probory abtomatiki. vyp.42. respublikanskii mezhvedomstvennyi nauchno-tehnicheskii sbornik</subfield></datafield><datafield ind1=" " ind2=" " tag="260"><subfield code="a">Harkov, Izd.Vishita Shkkola, 1977. 146 S</subfield></datafield><datafield ind1=" " ind2=" " tag="852"><subfield code="a">46052</subfield></datafield></record></collection>